<?xml version="1.0" encoding="UTF-8"?><collection xmlns="http://www.loc.gov/MARC21/slim"><record><leader>00330nam--2200121-i-4500</leader><controlfield tag="001">000031210</controlfield><controlfield tag="002">20161230</controlfield><controlfield tag="005">20161230201038</controlfield><controlfield tag="008">060222s1000------------r-----000-0-eng-d</controlfield><datafield ind1=" " ind2=" " tag="100"><subfield code="a">Miles, G.L., Martin, F.S</subfield></datafield><datafield ind1=" " ind2=" " tag="245"><subfield code="a">Chemical processing of nuclear fuels</subfield></datafield><datafield ind1=" " ind2=" " tag="260"><subfield code="a">London, Butterworths Sci.Publ.,1958. X+242p.+fig</subfield></datafield><datafield ind1=" " ind2=" " tag="852"><subfield code="a">14053</subfield></datafield></record></collection>